@book{NumerischeGrundlagen2024,
  title        = {Script for the lecture "Numerische Grundlagen"},
  author       = {Pflüger, Dirk and Uekermann, Benjamin and Zimmer, Stefan},
  institution  = {University of Stuttgart, Institut für parallele und verteilte Systeme (IPVS)},
  year         = {2024}
}

@book{nystromGameLoop,
  title={Game Programming Patterns},
  author={R. Nystrom},
  isbn={9780990582908},
  url={https://gameprogrammingpatterns.com/game-loop.html},
  year={2014},
  publisher={Genever Benning}
}

@manual{unityGameLoop,
  title       = {Unity Manual: Order of Execution for Event Functions},
  author      = {{Unity Technologies}},
  year        = {2024},
  note        = {Version 2022.3},
  url         = {https://docs.unity3d.com/Manual/ExecutionOrder.html},
  institution = {{Unity Technologies}},
  urldate     = {2024-10-11}
}

@article{baraff,
  title={Physically based modeling: Rigid body simulation},
  author={Baraff, David},
  journal={SIGGRAPH Course Notes, ACM SIGGRAPH},
  volume={2},
  number={1},
  year={2001},
  institution = {Pixar Animation Studios},
  url         = {http://graphics.cs.cmu.edu/courses/15-869-F08/lec/14/notesg.pdf},
  urldate     = {2024-10-12}
}

@online{wheelerCD,
  author      = {Tim Allan Wheeler},
  title       = {2D Collision Detection and Resolution},
  year        = {2024},
  url         = {https://timallanwheeler.com/blog/2024/08/01/2d-collision-detection-and-resolution/},
  urldate     = {2024-10-12}
}

@online{gafferTimestep,
  author      = {Glenn Fiedler},
  title       = {Fix Your Timestep},
  year        = {2004},
  url         = {https://gafferongames.com/post/fix_your_timestep/},
  urldate     = {2024-10-12}
}

@mastersthesis{contCD,
  author      = {Kevin Egan},
  title       = {Techniques for Real-Time Rigid Body Simulation},
  year        = {2003},
  school      = {Brown University},
  url         = {https://cs.brown.edu/research/pubs/theses/ugrad/2003/ktegan.pdf},
  urldate     = {2024-10-12}
}

@misc{ProjectWiki,
  author       = {Bj\"orn Aheimer and Felix Röhr and Daniel Six and Aleksis Vezenkov and Anietta Weckauff},
  title        = {Project Documentation},
  howpublished = {\url{https://gitlab-sim.informatik.uni-stuttgart.de/vezenkas/surviving-sarntal/-/wikis/home}},
  year         = {2024},
  note         = {Accessed: 2024-10-13},
}

@misc{ProjectCode,
  author       = {Bj\"orn Aheimer and Felix R\"ohr and Daniel Six and Aleksis Vezenkov and Anietta Weckauff},
  title        = {Project Code},
  howpublished = {\url{https://gitlab-sim.informatik.uni-stuttgart.de/vezenkas/surviving-sarntal}},
  year         = {2024},
  note         = {Accessed: 2024-10-13},
  year         = {2024}
}

@online{tutorial,
  author      = {Nilson Souto},
  title       = {Video Game Physics Part II: Collision Detection for Solid Objects},
  url         = {https://www.toptal.com/game/video-game-physics-part-ii-collision-detection-for-solid-objects},
  urldate     = {2024-10-12}
}

@ARTICLE{GJK,
  author={Gilbert, E.G. and Johnson, D.W. and Keerthi, S.S.},
  journal={IEEE Journal on Robotics and Automation},
  title={A fast procedure for computing the distance between complex objects in three-dimensional space},
  year={1988},
  volume={4},
  number={2},
  pages={193-203},
  keywords={Iterative algorithms;Euclidean distance;Orbital robotics;Algorithm design and analysis;Computational efficiency;Linear approximation;Application software;Computer graphics;Mathematical model;Length measurement},
  doi={10.1109/56.2083}
}

@book{gemsMPR,
  title={Game programming gems 7},
  author={Jacobs, Scott},
  year={2008},
  publisher={Charles River Media/Course Technology}
}

@inproceedings{cattoManifolds,
  author      = {Erin Catto},
  title       = {Contact Manifolds},
  booktitle   = {Proceedings of the Game Developers Conference},
  year        = {2007},
  url         = {https://box2d.org/files/ErinCatto_ContactManifolds_GDC2007.pdf},
  urldate     = {2024-10-12}
}

@online{sweptAABB,
  author      = {Brendan, L.K.},
  title       = {Swept AABB Collision Detection and Response},
  year        = {2013},
  url         = {https://www.gamedev.net/tutorials/programming/general-and-gameplay-programming/swept-aabb-collision-detection-and-response-r3084/},
  urldate     = {2024-10-12}
}

@online{inertia,
  author      = {Robert Fotino},
  title       = {Moment of Inertia Algorithm},
  year        = {2020},
  url         = {https://fotino.me/moment-of-inertia-algorithm/},
  urldate     = {2024-10-12}
}

@book{geometrySAT,
  title={Computational geometry in C},
  author={O’Rourke, Joseph},
  year={1998},
  publisher={Cambridge University Press}
}

@misc{poly2tri,
  title       = {poly2tri: A 2D constrained Delaunay triangulation library},
  year        = {2018},
  url         = {https://github.com/jhasse/poly2tri},
  note        = {Accessed: 2024-10-12}
}

@misc{raylib,
  author      = {Santamaria, Ramon},
  title       = {raylib},
  year        = {2024},
  url         = {https://www.raylib.com/},
  note        = {Accessed: 2024-10-12}
}

@misc{flecs_library,
  author       = {Sander Mertens},
  title        = {flecs: A fast entity component system (ECS) for C and C++},
  year         = {2019},
  url          = {https://github.com/SanderMertens/flecs},
  note         = {Accessed: 2024-10-12}
}

@book{scrum,
  title     = {The Scrum Guide: The Definitive Guide to Scrum: The Rules of the Game},
  author    = {Ken Schwaber and Jeff Sutherland},
  year      = {2020},
  edition   = {October 2020},
  publisher = {Scrum.org},
  url       = {https://www.scrumguides.org/scrum-guide.html}
}

@book{polygon_generation,
  title     = {Computational Geometry: Algorithms and Applications},
  author    = {Mark de Berg and Otfried Cheong and Marc van Kreveld and Mark Overmars},
  year      = {2008},
  publisher = {Springer},
  edition   = {3rd},
  isbn      = {978-3-540-77973-5},
  url       = {https://doi.org/10.1007/978-3-540-77974-2},
  note      = {Includes a description of convex hull algorithms like the Monotone Chain Algorithm.}
}